<record><leader>00000cas a22000007a 4500</leader><controlfield tag="001">28866179</controlfield><controlfield tag="008">930921d198419uuaruwr ne      0    0eng d</controlfield><datafield ind1=" " ind2=" " tag="010"><subfield code="a">sn 93050650 </subfield></datafield><datafield ind1=" " ind2=" " tag="040"><subfield code="a">ANU</subfield><subfield code="b">eng</subfield><subfield code="c">ANU</subfield><subfield code="d">OCLCQ</subfield></datafield><datafield ind1=" " ind2=" " tag="042"><subfield code="a">msc</subfield></datafield><datafield ind1="0" ind2=" " tag="130"><subfield code="a">Hot Springs free press (Hot Springs, Ark. : 1984)</subfield></datafield><datafield ind1="1" ind2="0" tag="245"><subfield code="a">Hot Springs free press.</subfield></datafield><datafield ind1=" " ind2=" " tag="260"><subfield code="a">Hot Springs, Ark. :</subfield><subfield code="b">Free Press Pub. Co.</subfield></datafield><datafield ind1=" " ind2=" " tag="300"><subfield code="a">v.</subfield></datafield><datafield ind1=" " ind2=" " tag="310"><subfield code="a">Weekly (except one week in July and Dec.)</subfield></datafield><datafield ind1="1" ind2=" " tag="362"><subfield code="a">Began in 1984?</subfield></datafield><datafield ind1=" " ind2=" " tag="588"><subfield code="a">Description based on: Vol. 21, issue 1 (Aug. 15, 1984).</subfield></datafield><datafield ind1=" " ind2="4" tag="651"><subfield code="a">Hot Springs (Ark.)</subfield><subfield code="v">Newspapers.</subfield></datafield><datafield ind1=" " ind2="4" tag="651"><subfield code="a">Garland County (Ark.)</subfield><subfield code="v">Newspapers.</subfield></datafield><datafield ind1=" " ind2=" " tag="752"><subfield code="a">United States</subfield><subfield code="b">Arkansas</subfield><subfield code="c">Garland</subfield><subfield code="d">Hot Springs.</subfield></datafield><datafield ind1="0" ind2="0" tag="780"><subfield code="t">Hot Springs news (Hot Springs, Ark. : 1980)</subfield><subfield code="w">(DLC)sn 91050025</subfield></datafield><datafield ind1="1" ind2=" " tag="029"><subfield code="a">AU@</subfield><subfield code="b">000025889738</subfield></datafield></record>